@misc{web:keysan,
    author = {Ozan Keysan},
    title = {Regulated Power Supplies},
    url = {https://keysan.me/}
    }
@misc{web:ferrite_cores,
    author = {Magnetics},
    title = {Ferrite Cores Short Form Catalog},
     year = {2023},
    }

@misc{web:input_cap,
    author = {KOSHIN},
    title = {KR3-035V332MJ250 Datasheet},
    url = {https://cdn.ozdisan.com/ETicaret_Dosya/28899_5845355.pdf}
    }

@misc{web:output_cap,
    author = {KOSHIN},
    title = {KLH-100V102MK400 Datasheet},
    url = {https://cdn.ozdisan.com/ETicaret_Dosya/350470_9950508.pdf}
    }

@misc{web:mosfet,
    author = {ROHM},
    title = {RSS070N05FRA Datasheet},
    url = {https://fscdn.rohm.com/en/products/databook/datasheet/discrete/transistor/mosfet/rss070n05fra-e.pdf}
    }

@misc{web:diode,
    author = {Vishay},
    title = {VSSAF512 Datasheet},
    url = {https://www.vishay.com/docs/87611/vssaf512.pdf}
    }

@misc{web:gate_driver,
    author = {TI},
    title = {UCC23313BDWYR Specifications.},
    url = {https://www.digikey.com/en/products/detail/texas-instruments/UCC23313BDWYR/13531314}
    }

@misc{web:AMC,
    author = {TI},
    title = {AMC1306M25DWVR Specifications.},
    url = {https://www.digikey.com/en/products/detail/texas-instruments/AMC1306M25DWVR/6820638}
    }

@misc{web:tor_core,
    author = {Magnetics},
    title = {0077548A7 Toroid core datasheet.},
    url = {https://www.mag-inc.com/Media/Magnetics/Datasheets/0077548A7.pdf}
    }